% Encoding: UTF-8

@Article{krussel_smith97,
  author  = {Krussel, Per and Smith, Anthony A.},
  title   = {Income and wealth heterogeneity, portfolio choice, and equilibrium asset returns},
  journal = {Macroeconomic Dynamics},
  year    = {1997},
  volume  = {1},
  pages   = {387 - 422},
}

@Article{ks_99,
  author  = {Krussel, Per and Smith, Anthony A.},
  title   = {On the welfare effects of eliminating the business cycles},
  journal = {Review of Economic Dynamics},
  year    = {1999},
  volume  = {2},
  pages   = {245-272},
}

@Article{soft,
  author  = {Maliar, Lilia and Maliar, Serguei and Valli, Fernando},
  title   = {Solving the Incomplete Markets Model with Aggregate Uncertainty Using the Krusell-Smith Algorithm},
  journal = {Journal of Economic Dynamics and Control},
  year    = {2010},
  volume  = {34},
  pages   = {42-49},
}

@Article{mukoyama,
  author  = {Mukoyama, Toshihiko},
  title   = {Understanding the welfare effects of unemployment insurance policy in general equilibrium},
  journal = {Journal of Macroeconomics},
  year    = {2013},
  volume  = {38},
  pages   = {347-368},
}

@Book{decker,
  title  = {Work incentives and disincentives},
  year   = {1997},
  author = {Decker, Paul T},
}

@Article{sahin,
  author  = {Krusell, Per and Mukoyama, Toshihiko and Şahin, Ayşegül},
  title   = {Labour-Market Matching with Precautionary Savings and Aggregate Fluctuations},
  journal = {The Review of Economic Studies},
  year    = {2010},
  volume  = {77},
  number  = {4},
  pages   = {1477-1507},
}

@Comment{jabref-meta: databaseType:bibtex;}
