This file was created with JabRef 2.2.
Encoding: Cp1252

@article{aiyagari,
 author = {S. Rao Aiyagari},
 journal = {The Quarterly Journal of Economics},
 number = {3},
 pages = {659-684},
 publisher = {Oxford University Press},
 title = {Uninsured Idiosyncratic Risk and Aggregate Saving},
 volume = {109},
 year = {1994}
}

@article{decker,
  title={Work incentives and disincentives},
  author={Decker, Paul T},
  year={1997},
  publisher={WE Upjohn Institute for Employment Research}
}

@article{DenHaan20101,
title = "Computational suite of models with heterogeneous
agents: Incomplete markets and aggregate uncertainty ",
author = "Wouter J. Den Haan and Kenneth L. Judd and Michel Juillard",
journal = "Journal of Economic Dynamics and Control ",
volume = "34",
number = "1",
pages = "1 - 3",
year = "2010",
}

@Article{mukoyama,
  author={Mukoyama, Toshihiko},
  title={{Understanding the welfare effects of unemployment insurance policy in general equilibrium}},
  journal={Journal of Macroeconomics},
  year=2013,
  volume={38},
  number={PB},
  pages={347-368},
}

@article{KrusellMukoyamaSahin,
author = {Krusell, Per and Mukoyama, Toshihiko and Şahin, Ayşegül},
title = {Labour-Market Matching with Precautionary Savings and Aggregate Fluctuations},
journal = {The Review of Economic Studies},
volume = {77},
number = {4},
pages = {1477},
year = {2010},
}
 
@UNPUBLISHED{wer05a,
  author = {wer},
  title = {was},
  note = {wp ssrn},
  year = {2005},
  owner = {dimpfl},
  timestamp = {2007.08.01}
}

@BOOK{key2,
  title = {A book title},
  publisher = {random publishing house},
  year = {2006},
  editor = {keiner},
  author = {Franz Mustermann and Franziska Musterfrau},
  place = {somewhere}
}

@ARTICLE{key1,
  author = {Vorname Name},
  title = {name of the article},
  journal = {the journal's name},
  year = {2006},
  volume = {1},
  pages = {1-2}
}

